@article{jeong2024adaptive,
  title={Adaptive-rag: Learning to adapt retrieval-augmented large language models through question complexity},
  author={Jeong, Soyeong and Baek, Jinheon and Cho, Sukmin and Hwang, Sung Ju and Park, Jong C},
  journal={arXiv preprint arXiv:2403.14403},
  year={2024}
}

@article{hinton2015distilling,
  title={Distilling the Knowledge in a Neural Network},
  author={Hinton, Geoffrey},
  journal={arXiv preprint arXiv:1503.02531},
  year={2015}
}